<?xml version="1.0" encoding="UTF-8"?><collection xmlns="http://www.loc.gov/MARC21/slim"><record><leader>00537nam--2200169-i-4500</leader><controlfield tag="001">000015144</controlfield><controlfield tag="002">20161230</controlfield><controlfield tag="005">20170126002530</controlfield><controlfield tag="008">060222s1000------------r-----000-0-eng-d</controlfield><datafield ind1=" " ind2=" " tag="080"><subfield code="a">669.17</subfield></datafield><datafield ind1=" " ind2=" " tag="100"><subfield code="a">Christian, J. W</subfield></datafield><datafield ind1=" " ind2=" " tag="245"><subfield code="a">The theory of transformations in metals and alloys. An advanced textbook in physical metallurgy</subfield></datafield><datafield ind1=" " ind2=" " tag="260"><subfield code="a">Oxford</subfield><subfield code="b">Pergamon Press</subfield><subfield code="c">1965</subfield></datafield><datafield ind1=" " ind2=" " tag="300"><subfield code="a">IX + 975 p</subfield></datafield><datafield ind1=" " ind2=" " tag="490"><subfield code="a">International Series Monographs In Metal Physics And Physical Metallurgy</subfield></datafield><datafield ind1=" " ind2=" " tag="852"><subfield code="a">77290</subfield></datafield><datafield ind1=" " ind2=" " tag="CAT"><subfield code="a">SYS</subfield><subfield code="c">20170126</subfield><subfield code="h">002530</subfield></datafield></record></collection>